<record><leader>00000cas a22000007a 4500</leader><controlfield tag="001">10265498</controlfield><controlfield tag="008">840105d19301932laumr ne      0   a0eng d</controlfield><datafield ind1=" " ind2=" " tag="010"><subfield code="a">sn 84024008 </subfield></datafield><datafield ind1=" " ind2=" " tag="040"><subfield code="a">NPV</subfield><subfield code="b">eng</subfield><subfield code="c">NPV</subfield><subfield code="d">LNP</subfield><subfield code="d">LSH</subfield><subfield code="d">OCLCQ</subfield><subfield code="d">OCLCF</subfield><subfield code="d">OCLCO</subfield><subfield code="d">OCL</subfield></datafield><datafield ind1=" " ind2=" " tag="042"><subfield code="a">msc</subfield></datafield><datafield ind1=" " ind2=" " tag="043"><subfield code="a">n-us-la</subfield></datafield><datafield ind1=" " ind2=" " tag="045"><subfield code="a">x3x3</subfield></datafield><datafield ind1=" " ind2=" " tag="052"><subfield code="a">4014</subfield><subfield code="b">N5</subfield></datafield><datafield ind1="0" ind2="4" tag="245"><subfield code="a">The Louisiana progress.</subfield></datafield><datafield ind1=" " ind2=" " tag="260"><subfield code="a">New Orleans, La. :</subfield><subfield code="b">Louisiana Progress Pub. Co.,</subfield><subfield code="c">1930-1932.</subfield></datafield><datafield ind1=" " ind2=" " tag="300"><subfield code="a">3 v. :</subfield><subfield code="b">ill.</subfield></datafield><datafield ind1=" " ind2=" " tag="310"><subfield code="a">Monthly,</subfield><subfield code="b">Dec. 1930-Jan. 12, 1932</subfield></datafield><datafield ind1=" " ind2=" " tag="321"><subfield code="a">Weekly,</subfield><subfield code="b">Mar. 27-Nov. 6, 1930</subfield></datafield><datafield ind1="0" ind2=" " tag="362"><subfield code="a">Vol. 1, no. 1 (Mar. 27, 1930)-v. 3, no. 5 (Jan. 12, 1932).</subfield></datafield><datafield ind1=" " ind2=" " tag="500"><subfield code="a">Published in: New Orleans and Meridian, Miss., May 1, 1930-Oct. 9, 1930; in Meridian, Miss., Oct. 16, 1930-1932.</subfield></datafield><datafield ind1=" " ind2=" " tag="500"><subfield code="a">Editor: May 15, 1930-1932, John D. Klorer.</subfield></datafield><datafield ind1=" " ind2=" " tag="521"><subfield code="a">"Share the Wealth Society."</subfield></datafield><datafield ind1=" " ind2="0" tag="651"><subfield code="a">Louisiana</subfield><subfield code="x">Politics and government.</subfield></datafield><datafield ind1=" " ind2="7" tag="650"><subfield code="a">Politics and government</subfield><subfield code="2">fast</subfield><subfield code="0">(OCoLC)fst01919741</subfield></datafield><datafield ind1=" " ind2="7" tag="651"><subfield code="a">Louisiana.</subfield><subfield code="2">fast</subfield><subfield code="0">(OCoLC)fst01207035</subfield></datafield><datafield ind1="1" ind2=" " tag="700"><subfield code="a">Klorer, John D.</subfield></datafield><datafield ind1=" " ind2=" " tag="752"><subfield code="a">United States</subfield><subfield code="b">Louisiana</subfield><subfield code="c">Orleans</subfield><subfield code="d">New Orleans.</subfield></datafield><datafield ind1=" " ind2=" " tag="752"><subfield code="a">United States</subfield><subfield code="b">Mississippi</subfield><subfield code="c">Lauderdale</subfield><subfield code="d">Meridian.</subfield></datafield><datafield ind1="0" ind2="0" tag="785"><subfield code="t">American progress (New Orleans, La.)</subfield><subfield code="w">(DLC)sn 84024004</subfield></datafield><datafield ind1="1" ind2=" " tag="029"><subfield code="a">AU@</subfield><subfield code="b">000025829703</subfield></datafield></record>